<record><leader>00000cas a22000007a 4500</leader><controlfield tag="001">10745376</controlfield><controlfield tag="008">840517d18821923meuwr ne      0    0eng d</controlfield><datafield ind1=" " ind2=" " tag="010"><subfield code="a">sn 84026919 </subfield></datafield><datafield ind1=" " ind2=" " tag="040"><subfield code="a">NPU</subfield><subfield code="b">eng</subfield><subfield code="c">NPU</subfield><subfield code="d">MBN</subfield><subfield code="d">OCLCQ</subfield><subfield code="d">OCLCF</subfield><subfield code="d">OCLCO</subfield></datafield><datafield ind1=" " ind2=" " tag="042"><subfield code="a">msc</subfield></datafield><datafield ind1=" " ind2=" " tag="043"><subfield code="a">n-us-me</subfield></datafield><datafield ind1="0" ind2="4" tag="245"><subfield code="a">The Springvale advocate.</subfield></datafield><datafield ind1=" " ind2=" " tag="260"><subfield code="a">Springvale, Me. :</subfield><subfield code="b">[s.n.]</subfield></datafield><datafield ind1=" " ind2=" " tag="300"><subfield code="a">v. ;</subfield><subfield code="c">57 cm.</subfield></datafield><datafield ind1=" " ind2=" " tag="310"><subfield code="a">Weekly</subfield></datafield><datafield ind1="0" ind2=" " tag="362"><subfield code="a">Vol. 7, no. 15 (Sept. 29, 1882)-</subfield></datafield><datafield ind1="1" ind2=" " tag="362"><subfield code="a">Ceased Mar., 1923.</subfield></datafield><datafield ind1=" " ind2=" " tag="500"><subfield code="a">Editor: Frank H. Dexter.</subfield></datafield><datafield ind1=" " ind2=" " tag="580"><subfield code="a">Merged with: Sanford tribune, to form: Sanford tribune and advocate.</subfield></datafield><datafield ind1=" " ind2="0" tag="651"><subfield code="a">Springvale (Me.)</subfield><subfield code="v">Newspapers.</subfield></datafield><datafield ind1=" " ind2="7" tag="655"><subfield code="a">Newspapers.</subfield><subfield code="2">fast</subfield><subfield code="0">(OCoLC)fst01423814</subfield></datafield><datafield ind1=" " ind2="7" tag="651"><subfield code="a">Maine</subfield><subfield code="z">Springvale.</subfield><subfield code="2">fast</subfield><subfield code="0">(OCoLC)fst01219004</subfield></datafield><datafield ind1=" " ind2=" " tag="752"><subfield code="a">United States</subfield><subfield code="b">Maine</subfield><subfield code="c">York</subfield><subfield code="d">Springvale.</subfield></datafield><datafield ind1="0" ind2="0" tag="780"><subfield code="t">York County advocate</subfield><subfield code="w">(DLC)sn 95067875</subfield></datafield><datafield ind1="1" ind2="7" tag="785"><subfield code="t">Sanford tribune</subfield><subfield code="w">(DLC)sn 95067874</subfield></datafield><datafield ind1="1" ind2="7" tag="785"><subfield code="t">Sanford tribune and advocate</subfield><subfield code="w">(DLC)sn 95067873</subfield></datafield></record>